@book {set-1,
	author={Thomas Jech},
	title={Set Theory},
	publisher={Springer-Verlag},
	year={2003},
	series={Springer Monographs in Mathematics},
	address={Berlin},
	note={The Third Millennium Edition,
revised and expanded. ISBN: 3-540-44085-2. URL: \url{htt@book {set-1,
	author={Thomas Jech},
	title={Set Theory},
	publisher={Springer-Verlag},
	year={2003},
	series={Springer Monographs in Mathematics},
	address={Berlin},
	note={The Third Millennium Edition,
revised and expanded. ISBN: 3-540-44085-2. URL: \url{https://lost-contact.mit.edu/afs/adrake.org/usr/rkh/Books/books/Jech\%20-\%20Set\%20theory.pdf}}
}

@book {cat-1,
	author={Steve Awodey},
	title={Category Theory},
	publisher={Oxford University Press},
	year={2010},
	volume={52},
	series={Oxford Logic Guides},
	address={New York},
	note={Second Edition. ISBN: 978-0-19-958736-0. URL: \url{https://b-ok.cc/book/1299760/dc958a}}
}

@book {alg-1,
	title={代数学方法（第一卷）：基础架构},
	author={李文威},
	publisher={高等教育出版社},
	year={2019},
	volume={67},
	series={现代数学基础},
	address={Beijing},
	note={第1版. ISBN: 978-7-040-50725-6. URL: \url{https://github.com/wenweili/AlJabr-1}}
}

@book {alg-2,
	author={Serge Lang},
	title={Algebra},
	publisher={Springer-Verlag},
	year={2002},
	volume={211},
	series={Graudate Texts in Mathematics},
	address={New York},
	note={Revised Third Edition. ISBN: 0-387-95385-X. URL: \url{https://math24.files.wordpress.com/2013/02/algebra-serge-lang.pdf}}
}

@book {cat-2,
	title={范畴论},
	author={贺伟},
	note={ISBN: 7-03-017096-2. URL: \url{https://vdisk.weibo.com/s/zi1L5by5mdx5j}},
	publisher={科学出版社},
	address={Beijing},
	year={2006}
}

@book {top-1,
	title={点集拓扑讲义（第四版）},
	author={熊金城},
	publisher={高等教育出版社},
	address={Beijing},
	year={2011},
	note={ISBN: 978-7-040-32237-8. URL: \url{https://b-ok.cc/book/5726934/6cc363}}
}

@unpublished {cat-3,
	author={Rmily Riehl},
	title={Category Theory in Context},
	year={2016},
	note={URL: \url{https://b-ok.cc/book/2778051/bff65a}}
}

@book {cat-4,
	author={Tom Leinster},
	title={Basic Category Theory},
	publisher={Cambridge University Press},
	year={2014},
	volume={143},
	series={Cambridge Studies in Advanced Mathmatics},
	address={Cambridge},
	note={ISBN: 978-1-107-04424-1. URL: \url{https://b-ok.cc/book/2470627/243ab6}}
}

@book {set-2,
	author={Herbert B. Enderton},
	title={Elements of Set Theory},
	publisher={Academic Press},
	year={1977},
	address={New York},
	note={ISBN: 0-12-238440-7. URL: \url{https://b-ok.cc/book/1247629/9b7166}}
}

@book {alg-3,
	author={А.И.Кострикина},
	title={代数学引论（第二卷）：线性代数（牛凤文 译）},
	publisher={高等教育出版社},
	year={2008},
	series={俄罗斯数学教材选译},
	address={Beijing},
	note={第3版. ISBN:978-7-040-21491-8. URL: \url{https://b-ok.cc/book/4996260/77b2f3}}
}

@book {cat-9,
	author={Ji$\check{\text{r}}$\'i Ad\'amek, Horst Herrlich, George E. Strecker},
	title={Abstract and Concrete Categories: The Joy of Cats},
	publisher={Wiley-Interscience},
	year={2004},
	series={Pure and Applied Mathematics},
	note={Free web version. ISBN:978-0-471-60922-3. URL: \url{http://katmat.math.uni-bremen.de/acc/}}
}


@unpublished {cat-8,
	author={Randall R. Holmes},
	title={Category Theory},
	year={2019},
	month={October},
	note={URL: \url{https://web.auburn.edu/holmerr/8970/Textbook/CategoryTheory.pdf}}
}

@misc {cat-5,
	author={Arjuna},
	title={类型论驿站写作计划-知乎},
	howpublished={\url{https://zhuanlan.zhihu.com/p/32182423}},
	note={范畴论学习笔记}
}

@misc {cat-6-1,
	title={Comma Category - Wikipedia},
	howpublished={\url{https://en.wikipedia.org/wiki/Comma_category}}
}

@misc {cat-7,
	title={Category Theory: Lecture Notes and Online Books - Logic MattersLogic Matters},
	howpublished={\url{https://www.logicmatters.net/categories/}}
}

@misc {cat-10,
	title={nLab},
	howpublished={\url{https://ncatlab.org/}}
}ps://lost-contact.mit.edu/afs/adrake.org/usr/rkh/Books/books/Jech\%20-\%20Set\%20theory.pdf}}
}

@book {cat-1,
	author={Steve Awodey},
	title={Category Theory},
	publisher={Oxford University Press},
	year={2010},
	volume={52},
	series={Oxford Logic Guides},
	address={New York},
	note={Second Edition. ISBN: 978-0-19-958736-0. URL: \url{https://b-ok.cc/book/1299760/dc958a}}
}

@book {alg-1,
	title={代数学方法（第一卷）：基础架构},
	author={李文威},
	publisher={高等教育出版社},
	year={2019},
	volume={67},
	series={现代数学基础},
	address={北京},
	note={第1版. ISBN: 9787040507256. URL: \url{https://github.com/wenweili/AlJabr-1}}
}

@book {alg-2,
	author={Serge Lang},
	title={Algebra},
	publisher={Springer-Verlag},
	year={2002},
	volume={211},
	series={Graudate Texts in Mathematics},
	address={New York},
	note={Revised Third Edition. ISBN: 0-387-95385-X. URL: \url{https://math24.files.wordpress.com/2013/02/algebra-serge-lang.pdf}}
}

@book {cat-2,
	title={范畴论},
	author={贺伟},
	note={ISBN: 7-03-017096-2. URL: \url{https://vdisk.weibo.com/s/zi1L5by5mdx5j}},
	publisher={科学出版社},
	address={北京},
	year={2006}
}

@unpublished {cat-3,
	author={Rmily Riehl},
	title={Category Theory in Context},
	year={2016},
	note={URL: \url{https://b-ok.cc/book/2778051/bff65a}}
}

@book {cat-4,
	author={Tom Leinster},
	title={Basic Category Theory},
	publisher={Cambridge University Press},
	year={2014},
	volume={143},
	series={Cambridge Studies in Advanced Mathmatics},
	address={Cambridge},
	note={ISBN: 978-1-107-04424-1. URL: \url{https://b-ok.cc/book/2470627/243ab6}}
}

@book {set-2,
	author={Herbert B. Enderton},
	title={Elements of Set Theory},
	publisher={Academic Press},
	year={1977},
	address={New York},
	note={ISBN: 0-12-238440-7. URL: \url{https://b-ok.cc/book/1247629/9b7166}}
}

@unpublished {cat-8,
	author={Randall R. Holmes},
	title={Category Theory},
	year={2019},
	month={October},
	note={URL: \url{https://web.auburn.edu/holmerr/8970/Textbook/CategoryTheory.pdf}}
}

@misc {cat-5,
	author={Arjuna},
	title={类型论驿站写作计划-知乎},
	howpublished={\url{https://zhuanlan.zhihu.com/p/32182423}},
	note={范畴论学习笔记}
}

@misc {cat-6-1,
	title={Comma Category - Wikipedia},
	howpublished={\url{https://en.wikipedia.org/wiki/Comma_category}}
}

@misc {cat-7,
 title={Category Theory: Lecture Notes and Online Books - Logic MattersLogic Matters},
	howpublished={\url{https://www.logicmatters.net/categories/}}
}
